%% Bibiliography


@article{EMDipoleSearch,
   title="{On the search for the electric dipole moment of strange and charm baryons at LHC}",
   volume={77},
   ISSN={1434-6052},
   url={http://dx.doi.org/10.1140/epjc/s10052-017-4679-y},
   DOI={10.1140/epjc/s10052-017-4679-y},
   number={3},
   journal={The European Physical Journal C},
   publisher={Springer Science and Business Media LLC},
   author={Botella, F. J. and Garcia Martin, L. M. and Marangotto, D. and Martinez Vidal, F. and Merli, A. and Neri, N. and Oyanguren, A. and Ruiz Vidal, J.},
   year={2017},
   month={Mar}
}

@article{RichmanHelicity,
      author        = "Richman, J. D.",
      title         = "{An experimenter's guide to the helicity formalism}",
      institution   = "Calif. Inst. Technol.",
      address       = "Pasadena, CA",
      number        = "CALT-68-1148",
      month         = "Jun",
      year          = "1984",
      url           = "http://cds.cern.ch/record/153636",
}

@article{HistoryLHCb,
   title="{The history of LHCb}",
   volume={46},
   ISSN={2102-6467},
   url={http://dx.doi.org/10.1140/epjh/s13129-021-00002-z},
   DOI={10.1140/epjh/s13129-021-00002-z},
   number={1},
   journal={The European Physical Journal H},
   publisher={Springer Science and Business Media LLC},
   author={Belyaev, I. and Carboni, G. and Harnew, N. and Matteuzzi, C. and Teubert, F.},
   year={2021},
   month={Mar}
}