%%%%%%%%%%%%%%%%%%%%%%%
%%%%%% CHAPTER 1 %%%%%%
%%%%%%%%%%%%%%%%%%%%%%%

%%%%%%%%%%%%%
%%% BOOKS %%%
%%%%%%%%%%%%%

@book{aitchinson_hey,
    author    = {Aitchinson, I. J. R. and Hey, A. J .G.},
    title     = "Gauge Theories in Particle Physics: A Practical Introduction. Volume 1: From Relativistic Quantum Mechanics to QED",
    year      = "2013",
    publisher = "CRC Press",
}

@article{PDG,
    author = "Zyla, P. A. and others",
    collaboration = "Particle Data Group",
    title = "{Review of Particle Physics}",
    doi = "10.1093/ptep/ptaa104",
    journal = "PTEP",
    volume = "2020",
    number = "8",
    pages = "083C01",
    year = "2020"
}

@book{discrete,
    author    = {Sozzi, M. S.},
    title     = "Discrete symmetries and CP violation: from experiment to theory",
    year      = "2013",
    publisher = "Oxford University Press",
}

@book{cpvws,
    author    = {Khriplovich, I. B. and Lamoreaux, S. K.},
    title     = "{CP Violation Without Strangeness. Electric Dipole Moments of Particles, Atoms, and Molecules}",
    year      = "1997",
    publisher = "Springer",	
}

@article{LHCbDetectorPerformance,
   title={{LHCb} detector performance},
   author="{R. Aaij et al. (LHCb Collaboration)}",
   volume={30},
   ISSN={1793-656X},
   url={http://dx.doi.org/10.1142/S0217751X15300227},
   DOI={10.1142/s0217751x15300227},
   number={07},
   journal={International Journal of Modern Physics A},
   publisher={World Scientific Pub Co Pte Lt},
   year={2015},
   month={Mar},
   pages={1530022}
}

@book{spinInParticlePhysics,
    author = "Leader, E.",
    title = "{Spin in Particle Physics}",
    publisher= "{Cambridge University Press}",
    year = {2001}
}

%%%%%%%%%%%%%%%%
%%% ARTICLES %%%
%%%%%%%%%%%%%%%%

@article{Erler_2019,
   title="{Electroweak precision tests of the Standard Model after the discovery of the Higgs boson}",
   volume={106},
   ISSN={0146-6410},
   url={http://dx.doi.org/10.1016/j.ppnp.2019.02.007},
   DOI={10.1016/j.ppnp.2019.02.007},
   journal={Progress in Particle and Nuclear Physics},
   publisher={Elsevier BV},
   author={Erler, J. and Schott, M.},
   year={2019},
   month={May},
   pages={68–119}
}

@article{SNO,
   title="{Sudbury Neutrino Observatory results}",
   volume={T121},
   ISSN={1402-4896},
   url={http://dx.doi.org/10.1088/0031-8949/2005/T121/003},
   DOI={10.1088/0031-8949/2005/t121/003},
   journal={Physica Scripta},
   publisher={IOP Publishing},
   author={McDonald, A. B.},
   year={2005},
   month={Jan},
   pages={29–32}
}

@article{pentaquark,
  title = "{Evidence for a narrow $S=+1$ baryon resonance in photoproduction from the neutron}",
  author = {{T. Nakano} et al. (LEPS Collaboration)},
  journal = {Phys. Rev. Lett.},
  volume = {91},
  issue = {1},
  pages = {012002},
  numpages = {4},
  year = {2003},
  month = {Jul},
  publisher = {American Physical Society},
  doi = {10.1103/PhysRevLett.91.012002},
  url = {https://link.aps.org/doi/10.1103/PhysRevLett.91.012002}
}

@article{tetraquark,
   title="{Observation of a narrow charmonium-like state in exclusive $B^\pm \rightarrow K^\pm \pi^+ \pi^- J/\psi$ decays}",
   volume={91},
   ISSN={1079-7114},
   url={http://dx.doi.org/10.1103/PhysRevLett.91.262001},
   DOI={10.1103/physrevlett.91.262001},
   number={26},
   journal={Phys. Rev. Lett.},
   publisher={American Physical Society (APS)},
   author={{S.-K. Choi} et al. (Belle Collaboration)},
   year={2003},
   month={Dec}
}

@article{higgs1964,
  title = {Broken Symmetries and the Masses of Gauge Bosons},
  author = {Higgs, P. W.},
  journal = {Phys. Rev. Lett.},
  volume = {13},
  issue = {16},
  pages = {508--509},
  numpages = {0},
  year = {1964},
  month = {Oct},
  publisher = {American Physical Society},
  doi = {10.1103/PhysRevLett.13.508},
  url = {https://link.aps.org/doi/10.1103/PhysRevLett.13.508}
}

@article{atlasHiggs,
   title="{Observation of a new particle in the search for the Standard Model Higgs boson with the ATLAS detector at the LHC}",
   volume={716},
   ISSN={0370-2693},
   url={http://dx.doi.org/10.1016/j.physletb.2012.08.020},
   DOI={10.1016/j.physletb.2012.08.020},
   number={1},
   journal={Physics Letters B},
   publisher={Elsevier BV},
   author="{G. Aad et al. (ATLAS Collaboration)}",
   year={2012},
   month={Sep},
   pages={1–29}
}

@article{cmsHiggs,
   title={Observation of a new boson at a mass of 125 {GeV} with the {CMS} experiment at the {LHC}},
   volume={716},
   ISSN={0370-2693},
   url={http://dx.doi.org/10.1016/j.physletb.2012.08.021},
   DOI={10.1016/j.physletb.2012.08.021},
   number={1},
   journal={Physics Letters B},
   publisher={Elsevier BV},
   author={S. Chatrchyan et al. (CMS Collaboration)},
   year={2012},
   month={Sep},
   pages={30–61}
}

@article{flavour,
      title={Introduction to flavour physics}, 
      author={Zupan, J.},
      year={2019},
      month={Mar},
      journal={arXiv e-prints},
      eprint={1903.05062},
      archivePrefix={arXiv},
      primaryClass={hep-ph}
}

@article{wu,
  title = "{Experimental test of parity conservation in Beta decay}",
  author = {Wu, C. S. and Ambler, E. and Hayward, R. W. and Hoppes, D. D. and Hudson, R. P.},
  journal = {Phys. Rev.},
  volume = {105},
  issue = {4},
  pages = {1413--1415},
  numpages = {0},
  year = {1957},
  month = {Feb},
  publisher = {American Physical Society},
  doi = {10.1103/PhysRev.105.1413},
  url = {https://link.aps.org/doi/10.1103/PhysRev.105.1413}
}

@article{cviolation,
  title = {Observations of the Failure of Conservation of Parity and Charge Conjugation in Meson Decays: the Magnetic Moment of the Free Muon},
  author = {Garwin, R. L. and Lederman, L. M. and Weinrich, M.},
  journal = {Phys. Rev.},
  volume = {105},
  issue = {4},
  pages = {1415--1417},
  numpages = {0},
  year = {1957},
  month = {Feb},
  publisher = {American Physical Society},
  doi = {10.1103/PhysRev.105.1415},
  url = {https://link.aps.org/doi/10.1103/PhysRev.105.1415}
}

@article{kaoncpv,
  title = "{Evidence for the $2\ensuremath{\pi}$ decay of the $K_{2}^{0}$ meson}",
  author = {Christenson, J. H. and Cronin, J. W. and Fitch, V. L. and Turlay, R.},
  journal = {Phys. Rev. Lett.},
  volume = {13},
  issue = {4},
  pages = {138--140},
  numpages = {0},
  year = {1964},
  month = {Jul},
  publisher = {American Physical Society},
  doi = {10.1103/PhysRevLett.13.138},
  url = {https://link.aps.org/doi/10.1103/PhysRevLett.13.138}
}

@article{ktevcpv,
   title="{Observation of direct CP violation in $K_{S,L} \rightarrow \pi\pi$ decays}",
   volume={83},
   ISSN={1079-7114},
   url={http://dx.doi.org/10.1103/PhysRevLett.83.22},
   DOI={10.1103/physrevlett.83.22},
   number={1},
   journal={Phys. Rev. Lett.},
   publisher={American Physical Society (APS)},
   author="{{A. Alavi-Harati} et al. (KTeV Collaboration)}",
   year={1999},
   month={Jul},
   pages={22–27}
}

@article{bellecpv,
   title="{Observation of large CP violation in the neutral $B$ meson system}",
   volume={87},
   ISSN={1079-7114},
   url={http://dx.doi.org/10.1103/PhysRevLett.87.091802},
   DOI={10.1103/physrevlett.87.091802},
   number={9},
   journal={Phys. Rev. Lett.},
   publisher={American Physical Society (APS)},
   author="{K. Abe et al. (Belle Collaboration)}",
   year={2001},
   month={Aug}
}

@article{babarcpv,
   title="{Measurement of CP-violating asymmetries in $B^0$ decays to CP eigenstates}",
   volume={86},
   ISSN={1079-7114},
   url={http://dx.doi.org/10.1103/PhysRevLett.86.2515},
   DOI={10.1103/physrevlett.86.2515},
   number={12},
   journal={Phys. Rev. Lett.},
   publisher={American Physical Society (APS)},
   author="{B. Aubert et al. (BaBar Collaboration)}",
   year={2001},
   month={Mar},
   pages={2515–2522}
}

@article{Canetti2012,
   title={Matter and antimatter in the {Universe}},
   volume={14},
   ISSN={1367-2630},
   url={http://dx.doi.org/10.1088/1367-2630/14/9/095012},
   DOI={10.1088/1367-2630/14/9/095012},
   number={9},
   journal={New Journal of Physics},
   publisher={IOP Publishing},
   author={Canetti, L. and Drewes, M. and Shaposhnikov, M.},
   year={2012},
   month={Sep},
   pages={095012}
}

@article{Steigman2007,
   title={Primordial Nucleosynthesis in the Precision Cosmology Era},
   volume={57},
   ISSN={1545-4134},
   url={http://dx.doi.org/10.1146/annurev.nucl.56.080805.140437},
   DOI={10.1146/annurev.nucl.56.080805.140437},
   number={1},
   journal={Annual Review of Nuclear and Particle Science},
   publisher={Annual Reviews},
   author={Steigman, G.},
   year={2007},
   month={Nov},
   pages={463–491}
}

@article{searchNewPhysics,
      author        = "Henry, L. and Marangotto, D. and Merli, A. and Neri, N.
                       and Ruiz Vidal, J. and Martinez Vidal, F. ",
      title         = "{Search for new physics via baryon EDM at LHC}",
      archivePrefix = "arXiv",
      eprint        = "2101.00928",
      month         = "Jan",
      year          = "2021",
      url           = "http://cds.cern.ch/record/2782136",
      doi           = "10.1142/9789811207402_0028",
      journal       = {arXiv e-prints}
}

@article{EMfeasibility,
   title={Feasibility of measuring the magnetic dipole moments of the charm baryons at the {LHC} using bent crystals},
   volume={2017},
   ISSN={1029-8479},
   url={http://dx.doi.org/10.1007/JHEP08(2017)120},
   DOI={10.1007/jhep08(2017)120},
   number={8},
   journal={Journal of High Energy Physics},
   publisher={Springer Science and Business Media LLC},
   author={Fomin, A. S. and others},
   year={2017},
   month={Aug}
}

@article{quarkEDM,
    author = "Khriplovich, I. B.",
    title = {Quark Electric Dipole Moment and Induced $\theta$ Term in the {Kobayashi-Maskawa} Model},
    reportNumber = "IYF-86-25",
    doi = "10.1016/0370-2693(86)90245-5",
    journal = "Phys. Lett. B",
    volume = "173",
    pages = "193--196",
    year = "1986"
}

@article{electronEDM,
    author = {Pospelov, M. E. and Khriplovich, I. B.},
    title = {Electric dipole moment of the {$W$} boson and the electron in the {Kobayashi-Maskawa model}},
    journal = "Sov. J. Nucl. Phys.",
    volume = "53",
    pages = "638--640",
    year = "1991"
}

@article{neutronEDM,
    author = "Khriplovich, I. B. and Zhitnitsky, A. R.",
    title = {What Is the Value of the Neutron Electric Dipole Moment in the {Kobayashi-Maskawa} Model?},
    reportNumber = "IYF-81-115",
    doi = "10.1016/0370-2693(82)91121-2",
    journal = "Phys. Lett. B",
    volume = "109",
    pages = "490--492",
    year = "1982"
}

@article{neutronTheta,
  title = {Revised experimental upper limit on the electric dipole moment of the neutron},
  author = {Pendlebury, J. M. and others},
  journal = {Phys. Rev. D},
  volume = {92},
  issue = {9},
  pages = {092003},
  numpages = {22},
  year = {2015},
  month = {Nov},
  publisher = {American Physical Society},
  doi = {10.1103/PhysRevD.92.092003},
  url = {https://link.aps.org/doi/10.1103/PhysRevD.92.092003}
}

@article{EMDipoleSearch,
   title="{On the search for the electric dipole moment of strange and charm baryons at LHC}",
   volume={77},
   ISSN={1434-6052},
   url={http://dx.doi.org/10.1140/epjc/s10052-017-4679-y},
   DOI={10.1140/epjc/s10052-017-4679-y},
   number={3},
   journal={The European Physical Journal C},
   publisher={Springer Science and Business Media LLC},
   author={Botella, F. J. and Garcia Martin, L. M. and Marangotto, D. and Martinez Vidal, F. and Merli, A. and Neri, N. and Oyanguren, A. and Ruiz Vidal, J.},
   year={2017},
   month={Mar}
}

@article{ATLASLambdaPolarization,
  title = {Measurement of the parity-violating asymmetry parameter ${\ensuremath{\alpha}}_{b}$ and the helicity amplitudes for the decay ${\mathrm{\ensuremath{\Lambda}}}_{b}^{0}\ensuremath{\rightarrow}{J}/\ensuremath{\psi}{\mathrm{\ensuremath{\Lambda}}}^{0}$ with the {ATLAS} detector},
  author = "{G. Aad et al. (ATLAS Collaboration)}",
  collaboration = {ATLAS Collaboration},
  journal = {Phys. Rev. D},
  volume = {89},
  issue = {9},
  pages = {092009},
  numpages = {25},
  year = {2014},
  month = {May},
  publisher = {American Physical Society},
  doi = {10.1103/PhysRevD.89.092009},
  url = {https://link.aps.org/doi/10.1103/PhysRevD.89.092009}
}


@techreport{Richman:153636,
      author        = "Richman, J.~D.",
      title         = "{An experimenter's guide to the helicity formalism}",
      institution   = "Calif. Inst. Technol.",
      address       = "Pasadena, CA",
      reportNumber  = "CALT-68-1148",
      month         = "Jun",
      year          = "1984",
      url           = "http://cds.cern.ch/record/153636",
}

@article{HistoryLHCb,
   title="{The history of LHCb}",
   volume={46},
   ISSN={2102-6467},
   url={http://dx.doi.org/10.1140/epjh/s13129-021-00002-z},
   DOI={10.1140/epjh/s13129-021-00002-z},
   number={1},
   journal={The European Physical Journal H},
   publisher={Springer Science and Business Media LLC},
   author={Belyaev, I. and Carboni, G. and Harnew, N. and Matteuzzi, C. and Teubert, F.},
   year={2021},
   month={Mar}
}

@article{PhysRev.108.1645,
  title = {General Partial Wave Analysis of the Decay of a Hyperon of Spin \textonehalf{}},
  author = {Lee, T. D. and Yang, C. N.},
  journal = {Phys. Rev.},
  volume = {108},
  issue = {6},
  pages = {1645--1647},
  numpages = {0},
  year = {1957},
  month = {Dec},
  publisher = {American Physical Society},
  doi = {10.1103/PhysRev.108.1645},
  url = {https://link.aps.org/doi/10.1103/PhysRev.108.1645}
}

@article{1971_lambda_MDM,
	title = {A new measurement of the magnetic moment of the {$\Lambda$}-hyperon},
	doi = {10.1007/BF02912607},
	author = "{E. Dahl-Jensen, N. Doble, D. Evans et al.}",
	journal = {Nuov Cim A},
	year = {1971},
	month = {May},
	volume = {3},
	pages = {1--24}
}

@article{1971_lambda_EDM,
	title = {An upper limit of the electric-dipole moment of the {$\Lambda$}-hyperon},
	doi = {10.1007/BF02770164},
	author = {Baroni, G. and Petrera, S. and Romano, G.},
	journal = {Lett. Nuovo Cimento},
	year = {1971},
	month = {Dec},
	volume = {2},
	pages = {1256--1258}
}

@article{PhysRevLett.41.1348,
  title = {Precise Measurement of the ${\ensuremath{\Lambda}}^{0}$ Magnetic Moment},
  author = "{L. Schachinger et al.}",
  journal = {Phys. Rev. Lett.},
  volume = {41},
  issue = {20},
  pages = {1348--1351},
  numpages = {0},
  year = {1978},
  month = {Nov},
  publisher = {American Physical Society},
  doi = {10.1103/PhysRevLett.41.1348},
  url = {https://link.aps.org/doi/10.1103/PhysRevLett.41.1348}
}

@article{PhysRevD.23.814,
  title = {New limit on the electric dipole moment of the $\ensuremath{\Lambda}$ hyperon},
  author = "{L. Pondrom et al.}",
  journal = {Phys. Rev. D},
  volume = {23},
  issue = {3},
  pages = {814--816},
  numpages = {0},
  year = {1981},
  month = {Feb},
  publisher = {American Physical Society},
  doi = {10.1103/PhysRevD.23.814},
  url = {https://link.aps.org/doi/10.1103/PhysRevD.23.814}
}

@article{GROSNICK1990269,
	title = "{The design and performance of the FNAL high-energy polarized-beam facility}",
	journal = "Nucl. Instrum. Meth. A",
	volume = {290},
	number = {2},
	pages = {269-292},
	year = {1990},
	issn = {0168-9002},
	doi = {https://doi.org/10.1016/0168-9002(90)90541-D},
	url = {https://www.sciencedirect.com/science/article/pii/016890029090541D},
	author = "{D.~P. Grosnick et al. (The FNAL-E581/704 Collaboration)}",
}

@article{PhysRevD.61.114017,
  title = {Electric dipole moment of the neutron in chiral perturbation theory},
  author = {Borasoy, B.},
  journal = {Phys. Rev. D},
  volume = {61},
  issue = {11},
  pages = {114017},
  numpages = {8},
  year = {2000},
  month = {May},
  publisher = {American Physical Society},
  doi = {10.1103/PhysRevD.61.114017},
  url = {https://link.aps.org/doi/10.1103/PhysRevD.61.114017}
}

@article{PhysRevLett.109.211801,
  title = {Observation of Time-Reversal Violation in the {${B}^{0}$} Meson System},
  author = "{J.~P. Lees et al. (BABAR Collaboration)}",
  journal = {Phys. Rev. Lett.},
  volume = {109},
  issue = {21},
  pages = {211801},
  numpages = {8},
  year = {2012},
  month = {Nov},
  publisher = {American Physical Society},
  doi = {10.1103/PhysRevLett.109.211801},
  url = {https://link.aps.org/doi/10.1103/PhysRevLett.109.211801}
}




%%%%%%%%%%%%%%%%%%%%%%%
%%%%%% CHAPTER 2 %%%%%%
%%%%%%%%%%%%%%%%%%%%%%%

%%%%%%%%%%%%%%%%
%%% ARTICLES %%%
%%%%%%%%%%%%%%%%

@article{doi:10.1146/annurev-nucl-102010-130438,
	author = {Evans, L.},
	title = "{The Large Hadron Collider}",
	journal = "{Annual Review of Nuclear and Particle Science}",
	volume = {61},
	number = {1},
	pages = {435-466},
	year = {2011},
	doi = {10.1146/annurev-nucl-102010-130438},
	URL = {https://doi.org/10.1146/annurev-nucl-102010-130438},
	eprint = {https://doi.org/10.1146/annurev-nucl-102010-130438}
}

@techreport{Antunes-Nobrega:630827,
      author        = "{R. Antunes-Nobrega et al. (LHCb Collaboration)}",
      title         = "{LHCb reoptimized detector design and performance:
                       Technical Design Report}",
      publisher     = "CERN",
      collaboration = "LHCb Collaboration",
      address       = "Geneva",
      series        = "Technical design report. LHCb",
      year          = "2003",
      url           = "https://cds.cern.ch/record/630827",
}

@article{Piucci_2017,
	doi = {10.1088/1742-6596/878/1/012012},
	url = {https://doi.org/10.1088/1742-6596/878/1/012012},
	year = 2017,
	month = {Jul},
	publisher = {{IOP} Publishing},
	volume = {878},
	pages = {012012},
	author = {Piucci, A.},
	title = {The {LHCb} Upgrade},
	journal = {J. Phys.: Conf. Ser.},
}

@article{Alves:1129809,
      author        = "A.~A. Alves et al. (LHCb Collaboration)",
      title         = "{The LHCb detector at the LHC}",
      journal       = "JINST",
      collaboration = "LHCb Collaboration",
      reportNumber  = "LHCb-DP-2008-001",
      volume        = "3",
      pages         = "S08005",
      year          = "2008",
      url           = "https://cds.cern.ch/record/1129809",
      note          = "Also published by CERN Geneva in 2010",
      doi           = "10.1088/1748-0221/3/08/S08005",
}

@techreport{Amato:424338,
      author        = "S. Amato et al. (LHCb Collaboration)",
      title         = "{LHCb magnet: Technical Design Report}",
      publisher     = "CERN",
      collaboration = "LHCb Collaboration",
      address       = "Geneva",
      series        = "Technical design report. LHCb",
      year          = "2000",
      url           = "http://cds.cern.ch/record/424338",
}

@techreport{Barbosa-Marinho:504321,
      author        = "P.~R. Barbosa-Marinho et al. (LHCb Collaboration)",
      title         = "{LHCb VELO (VErtex LOcator): Technical Design Report}",
      publisher     = "CERN",
      collaboration = "LHCb Collaboration",
      address       = "Geneva",
      series        = "Technical design report. LHCb",
      year          = "2001",
      url           = "https://cds.cern.ch/record/504321",
}

@techreport{Barbosa-Marinho:582793,
      author        = "P.~R. Barbosa-Marinho et al. (LHCb Collaboration)",
      title         = "{LHCb inner tracker: Technical Design Report}",
      publisher     = "CERN",
      collaboration = "LHCb Collaboration",
      address       = "Geneva",
      series        = "Technical design report. LHCb",
      year          = "2002",
      url           = "https://cds.cern.ch/record/582793",
}

@techreport{Barbosa-Marinho:519146,
      author        = "P.~R. Barbosa-Marinho et al. (LHCb Collaboration)",
      title         = "{LHCb outer tracker: Technical Design Report}",
      publisher     = "CERN",
      collaboration = "LHCb Collaboration",
      address       = "Geneva",
      series        = "Technical design report. LHCb",
      year          = "2001",
      url           = "https://cds.cern.ch/record/519146",
}

@techreport{Gassner:728548,
      author        = "Gassner, J. and Needham, M. and Steinkamp, O.",
      title         = "{Layout and expected performance of the LHCb TT station}",
      institution   = "CERN",
      address       = "Geneva",
      reportNumber  = "LHCb-2003-140",
      month         = "Apr",
      year          = "2004",
      url           = "http://cds.cern.ch/record/728548",
}

@techreport{Amato:494263,
      author        = "S. Amato et al. (LHCb Collaboration)",
      title         = "{LHCb RICH: Technical Design Report}",
      publisher     = "CERN",
      collaboration = "LHCb Collaboration",
      address       = "Geneva",
      series        = "Technical design report. LHCb",
      year          = "2000",
      url           = "https://cds.cern.ch/record/494263",
}

@article{RichPerformance,
   title={Performance of the {LHCb} {RICH} detector at the {LHC}},
   volume={73},
   ISSN={1434-6052},
   url={http://dx.doi.org/10.1140/epjc/s10052-013-2431-9},
   DOI={10.1140/epjc/s10052-013-2431-9},
   number={5},
   journal={The European Physical Journal C},
   publisher={Springer Science and Business Media LLC},
   author="M. Adinolfi et al. (LHCb RICH group)",
   year={2013},
   month={May}
}

@techreport{Amato:494264,
      author        = "S. Amato et al. (LHCb Collaboration)",
      title         = "{LHCb calorimeters: Technical Design Report}",
      publisher     = "CERN",
      collaboration = "LHCb Collaboration",
      address       = "Geneva",
      series        = "Technical design report. LHCb",
      year          = "2000",
      url           = "https://cds.cern.ch/record/494264",
}

@techreport{Barbosa-Marinho:504326,
      author        = "P.~R. Barbosa-Marinho et al. (LHCb Collaboration)",
      title         = "{LHCb muon system: Technical Design Report}",
      publisher     = "CERN",
      collaboration = "LHCb Collaboration",
      address       = "Geneva",
      series        = "Technical design report. LHCb",
      year          = "2001",
      url           = "https://cds.cern.ch/record/504326",
}

@techreport{Antunes-Nobrega:630828,
	  author        = "R. Antunes-Nobrega et al. (LHCb Collaboration)",
      title         = "{LHCb trigger system: Technical Design Report}",
      publisher     = "CERN",
      collaboration = "LHCb Collaboration",
      address       = "Geneva",
      series        = "Technical design report. LHCb",
      year          = "2003",
      url           = "http://cds.cern.ch/record/630828",
}

@article{ANTCHEVA20092499,
	title = "{ROOT — A C++ framework for petabyte data storage, statistical analysis and visualization}",
	journal = {Computer Physics Communications},
	volume = {180},
	number = {12},
	pages = {2499-2512},
	year = {2009},
	issn = {0010-4655},
	doi = {https://doi.org/10.1016/j.cpc.2009.08.005},
	url = {https://www.sciencedirect.com/science/article/pii/S0010465509002550},
	author = {I. Antcheva et al.}
}

@article{Pythia2015,
   title="{An introduction to PYTHIA 8.2}",
   volume={191},
   ISSN={0010-4655},
   url={http://dx.doi.org/10.1016/j.cpc.2015.01.024},
   DOI={10.1016/j.cpc.2015.01.024},
   journal={Computer Physics Communications},
   publisher={Elsevier BV},
   author="{T. Sjöstrand et al.}",
   year={2015},
   month={Jun},
   pages={159–177}
}

@article{Alioli:2010xd,
    author = {Alioli, S. and Nason, P. and Oleari, C. and Re, E.},
    title = "{A general framework for implementing NLO calculations in shower Monte Carlo programs: the POWHEG BOX}",
    eprint = "1002.2581",
    archivePrefix = "arXiv",
    primaryClass = "hep-ph",
    reportNumber = "DESY-10-018, SFB-CPP-10-22, IPPP-10-11, DCPT-10-22",
    doi = "10.1007/JHEP06(2010)043",
    journal = "JHEP",
    volume = "06",
    pages = "043",
    year = "2010"
}

@techreport{Ryd:2005zz,
    author = "{A. Ryd et al.}",
    title = "{EvtGen: A Monte Carlo Generator for B-Physics}",
    reportNumber = "EVTGEN-V00-11-07",
    month = "5",
    year = "2005"
}

@article{AGOSTINELLI2003250,
	title = "{Geant4—a simulation toolkit}",
	journal = {Nuclear Instruments and Methods in Physics Research Section A: Accelerators, Spectrometers, Detectors and Associated Equipment},
	volume = {506},
	number = {3},
	pages = {250-303},
	year = {2003},
	issn = {0168-9002},
	doi = {https://doi.org/10.1016/S0168-9002(03)01368-8},
	url = {https://www.sciencedirect.com/science/article/pii/S0168900203013688},
	author = "{S. Agostinelli et al.}",
}

@article{Benson_2015,
	doi = {10.1088/1742-6596/664/8/082004},
	url = {https://doi.org/10.1088/1742-6596/664/8/082004},
	year = 2015,
	month = {Dec},
	publisher = {{IOP} Publishing},
	volume = {664},
	number = {8},
	pages = {082004},
	author = {Benson, S. and Gligorov, V. and Vesterinen, M.~A. and Williams, J.~M.},
	title = "{The {LHCb} Turbo Stream}",
	journal = {Journal of Physics: Conference Series}
}

@techreport{CERN-LHCC-2014-016,
      title         = "{LHCb Trigger and Online Upgrade Technical Design Report}",
      author 		= "{R. Aaij et al. (LHCb Collaboration)}",
      reportNumber  = "CERN-LHCC-2014-016, LHCB-TDR-016",
      month         = "May",
      year          = "2014",
      url           = "https://cds.cern.ch/record/1701361",
}

@techreport{Collaboration:1624070,
      author        = "{R. Aaij et al. (LHCb Collaboration)}",
      title         = "{LHCb VELO Upgrade Technical Design Report}",
      reportNumber  = "CERN-LHCC-2013-021, LHCB-TDR-013",
      month         = "Nov",
      year          = "2013",
      url           = "https://cds.cern.ch/record/1624070",
}

@techreport{Collaboration:1647400,
      author        = "{R. Aaij et al. (LHCb Collaboration)}",
      title         = "{LHCb Tracker Upgrade Technical Design Report}",
      reportNumber  = "CERN-LHCC-2014-001, LHCB-TDR-015",
      month         = "Feb",
      year          = "2014",
      url           = "https://cds.cern.ch/record/1647400",
}

@techreport{Collaboration:1624074,
      author        = "{R. Aaij et al. (LHCb Collaboration)}",
      title         = "{LHCb PID Upgrade Technical Design Report}",
      reportNumber  = "CERN-LHCC-2013-022, LHCB-TDR-014",
      month         = "Nov",
      year          = "2013",
      url           = "https://cds.cern.ch/record/1624074",
}

@article{PhysRevLett.122.211803,
  title = {Observation of {$CP$} Violation in Charm Decays},
  author        = "{R. Aaij et al. (LHCb Collaboration)}",
  journal = {Phys. Rev. Lett.},
  volume = {122},
  issue = {21},
  pages = {211803},
  numpages = {12},
  year = {2019},
  month = {May},
  publisher = {American Physical Society},
  doi = {10.1103/PhysRevLett.122.211803},
  url = {https://link.aps.org/doi/10.1103/PhysRevLett.122.211803}
}

@article{B0MeasurementPrecise2016,
   title="{A precise measurement of the $B^0$ meson oscillation frequency}",
   volume={76},
   ISSN={1434-6052},
   url={http://dx.doi.org/10.1140/epjc/s10052-016-4250-2},
   DOI={10.1140/epjc/s10052-016-4250-2},
   number={7},
   journal={The European Physical Journal C},
   publisher={Springer Science and Business Media LLC},
   author = "{R. Aaij et al. (LHCb Collaboration)}",
   year={2016},
   month={Jul}
}

@article{B0MeasurementPrecise2013,
	author = "{R. Aaij et al. (LHCb Collaboration)}",
	year = {2013},
	month = {Apr},
	pages = {},
	title = "{Precision measurement of the $B^0_S$--$\bar{B}^0_S$ oscillation frequency with the decay $B^0_S \rightarrow D_S^- \pi^+$}",
	volume = {15},
	journal = {New Journal of Physics},
	doi = {10.1088/1367-2630/15/5/053021}
}

@techreport{LHCb-CONF-2020-003,
      title         = "{Updated LHCb combination of the CKM angle $\gamma$}",
      institution   = "CERN",
      author 		= "{R. Aaij et al. (LHCb Collaboration)}",
      address       = "Geneva",
      reportNumber  = "LHCb-CONF-2020-003, CERN-LHCb-CONF-2020-003",
      month         = "Oct",
      year          = "2020",
      url           = "https://cds.cern.ch/record/2743058",
}

@article{PhysRevLett.118.191801,
  title = {Measurement of the ${B}_{s}^{0}\ensuremath{\rightarrow}{\ensuremath{\mu}}^{+}{\ensuremath{\mu}}^{\ensuremath{-}}$ Branching Fraction and Effective Lifetime and Search for ${B}^{0}\ensuremath{\rightarrow}{\ensuremath{\mu}}^{+}{\ensuremath{\mu}}^{\ensuremath{-}}$ Decays},
  author = "{R. Aaij et al. (LHCb Collaboration)}",
  journal = {Phys. Rev. Lett.},
  volume = {118},
  issue = {19},
  pages = {191801},
  numpages = {11},
  year = {2017},
  month = {May},
  publisher = {American Physical Society},
  doi = {10.1103/PhysRevLett.118.191801},
  url = {https://link.aps.org/doi/10.1103/PhysRevLett.118.191801}
}

@article{DMesonSpectroscopy,
   title="{Study of $D_J$ meson decays to $D^+ \pi^-$, $D^0 \pi^+$ and ${D^*}^+ \pi^-$ final states in $pp$ collisions}",
   volume={2013},
   ISSN={1029-8479},
   url={http://dx.doi.org/10.1007/JHEP09(2013)145},
   DOI={10.1007/jhep09(2013)145},
   number={9},
   journal={Journal of High Energy Physics},
   publisher={Springer Science and Business Media LLC},
   author = "{R. Aaij et al. (LHCb Collaboration)}",
   year={2013},
   month={Sep}
}

@article{LHCbPentaquark,
	author = "{R. Aaij et al. (LHCb Collaboration)}",
	year = {2015},
	month = {Aug},
	pages = {072001},
	title = {Observation of {$J/\psi p$} Resonances Consistent with Pentaquark States in {$\Lambda_b^0 \rightarrow J/\psi K^- p$} decays},
	volume = {115},
	journal = {Phys. Rev. Lett.}
}

@article{maurice2017fixedtarget,
      title={Fixed-target physics at {LHCb}}, 
      author={E. Maurice},
      year={2017},
      month={Aug},
      eprint={1708.05184},
      archivePrefix={arXiv},
      primaryClass={hep-ex},
      journal = {arXiv e-prints}
}

@article{PhysRevLett.122.132002,
	  title = {First Measurement of Charm Production in Fixed-Target Configuration at the {LHC}},
	  author = "{R. Aaij et al. (LHCb Collaboration)}",
	  journal = {Phys. Rev. Lett.},
	  volume = {122},
	  issue = {13},
	  pages = {132002},
	  numpages = {12},
	  year = {2019},
	  month = {Apr},
	  publisher = {American Physical Society},
	  doi = {10.1103/PhysRevLett.122.132002},
	  url = {https://link.aps.org/doi/10.1103/PhysRevLett.122.132002}
}

@article{Belyaev_2011,
	doi = {10.1088/1742-6596/331/3/032047},
	url = {https://doi.org/10.1088/1742-6596/331/3/032047},
	year = 2011,
	month = {Dec},
	publisher = {{IOP} Publishing},
	volume = {331},
	number = {3},
	pages = {032047},
	author = "{I. Belyaev et al.}",
	title = {Handling of the generation of primary events in {Gauss}, the {LHCb} simulation framework},
	journal = {Journal of Physics: Conference Series},
}

@article{VELOPerformance,
   title={Performance of the {LHCb Vertex Locator}},
   volume={9},
   ISSN={1748-0221},
   url={http://dx.doi.org/10.1088/1748-0221/9/09/P09007},
   DOI={10.1088/1748-0221/9/09/p09007},
   number={09},
   journal={Journal of Instrumentation},
   publisher={IOP Publishing},
   author="{R. Aaij et al. (LHCb VELO Group)}",
   year={2014},
   month={Sep},
}



%%%%%%%%%%%%%%%%%%%%%%%
%%%%%% CHAPTER 3 %%%%%%
%%%%%%%%%%%%%%%%%%%%%%%

%%%%%%%%%%%%
%%% MISC %%%
%%%%%%%%%%%%

@misc{twiki_vf,
  author = {Palacios, J. and Xie, Y. and Belyaev, I. and Amis, Y.},
  title = {{DaVinci} {Vertex Fitters} documentation},
  howpublished = {\url{https://web.archive.org/web/20220123024832/https://twiki.cern.ch/twiki/bin/view/LHCb/VertexFitters}},
  note = {Accessed: 23 Jan 2022}
}

%%%%%%%%%%%%%%%%
%%% ARTICLES %%%
%%%%%%%%%%%%%%%%


@techreport{Bowen:1635665,
      author        = "Bowen, E. and Storaci, B.",
      title         = "{VeloUT tracking for the LHCb Upgrade}",
      institution   = "CERN",
      address       = "Geneva",
      reportNumber  = "LHCb-PUB-2013-023, CERN-LHCb-PUB-2013-023,
                       LHCb-INT-2013-056",
      month         = "Apr",
      year          = "2014",
      url           = "https://cds.cern.ch/record/1635665",
}

@techreport{Li:2752971,
      author        = "Li, P. and Rodrigues, E. and Stahl, S.",
      title         = "{Tracking definitions and conventions for Run 3 and
                       beyond}",
      institution   = "CERN",
      address       = "Geneva",
      reportNumber  = "LHCb-PUB-2021-005, CERN-LHCb-PUB-2021-005",
      month         = "Feb",
      year          = "2021",
      url           = "http://cds.cern.ch/record/2752971",
}

@techreport{Bos:1070314,
      author        = "Bos, E. and Rodrigues, E.",
      title         = "{The LHCb track extrapolator tools}",
      institution   = "CERN",
      address       = "Geneva",
      reportNumber  = "LHCb-2007-140, CERN-LHCb-2007-140",
      month         = "Nov",
      year          = "2007",
      url           = "http://cds.cern.ch/record/1070314",
}

@inbook{Hairer1993,
	author			= "Hairer, E. and Wanner, G. and Nørsett, S.~P.",
	chapter			= "Runge-Kutta and Extrapolation Methods",
	title			= "Solving Ordinary Differential Equations I: Nonstiff Problems",
	year			= "1993",
	publisher		= "Springer Berlin Heidelberg",
	address			= "Berlin, Heidelberg",
	pages			= "129--353",
	isbn			= "978-3-540-78862-1",
	doi				= "10.1007/978-3-540-78862-1_2",
	url				= "https://doi.org/10.1007/978-3-540-78862-1_2"
}

@article{Hulsbergen:2005pu,
    author = "Hulsbergen, W.~D.",
    title = "{Decay chain fitting with a Kalman filter}",
    eprint = "physics/0503191",
    archivePrefix = "arXiv",
    doi = "10.1016/j.nima.2005.06.078",
    journal = "Nucl. Instrum. Meth. A",
    volume = "552",
    pages = "566--575",
    year = "2005"
}

%%%%%%%%%%%%%%%%%%%%%%%
%%%%%% CHAPTER 4 %%%%%%
%%%%%%%%%%%%%%%%%%%%%%%

%%%%%%%%%%%%%%%%%
%%%%% BOOKS %%%%%
%%%%%%%%%%%%%%%%%

@book{10.5555/1593511,
 author = {Van Rossum, G. and Drake, F.~L.},
 title = {Python 3 Reference Manual},
 year = {2009},
 isbn = {1441412697},
 publisher = {CreateSpace},
 address = {Scotts Valley, CA}
}

%%%%%%%%%%%%%%%%
%%%% THESES %%%%
%%%%%%%%%%%%%%%%

@phdthesis{Pessina:BSc:2020,
  author       = {Pessina, L.}, 
  title        = "{Studio di decadimenti di barioni $\Lambda$ in preparazione alla misura dei momenti di dipolo elettromagnetici a LHCb}",
  school       = "{Università degli Studi di Milano}",
  year         = {2020},
  address      = {Milan, Italy},
  month        = {Oct},
  type         = "{Bachelor's Thesis}"
}

@phdthesis{Jurik:2206806,
      author        = {Jurik, N.~P.},
      title         = "{Observation of $J/\psi p$ resonances consistent with
                       pentaquark states in $\Lambda_b^0 \rightarrow J/\psi
                       K^- p$ decays}",
      school 		= "{Syracuse University}",
      month         = {Aug},
      year          = {2016},
      address      	= {Syracuse, New York},
      url           = "https://cds.cern.ch/record/2206806",
      type         	= "{Ph.D. Thesis}"
}

%%%%%%%%%%%%%%%%
%%% ARTICLES %%%
%%%%%%%%%%%%%%%%

@techreport{Vesterinen:1642153,
      author        = "Vesterinen, M.",
      title         = "{Considerations on the LHCb dipole magnet polarity
                       reversal}",
      institution   = "CERN",
      address       = "Geneva",
      reportNumber  = "LHCb-PUB-2014-006, CERN-LHCb-PUB-2014-006",
      month         = "Apr",
      year          = "2014",
      url           = "https://cds.cern.ch/record/1642153",
}

@article{scikit-learn,
	 title={Scikit-learn: Machine Learning in {P}ython},
	 author={F. Pedregosa et al.},
	 journal={Journal of Machine Learning Research},
	 volume={12},
	 pages={2825--2830},
	 year={2011}
}

@article{Yann:2013,
	author = {Coadou, Y.},
	title = {Boosted Decision Trees and Applications},
	DOI= "10.1051/epjconf/20135502004",
	url= "https://doi.org/10.1051/epjconf/20135502004",
	journal = {EPJ Web of Conferences},
	year = 2013,
	volume = 55,
	pages = "02004",
}

@article{10.2307/2280095,
 ISSN = {01621459},
 URL = {http://www.jstor.org/stable/2280095},
 author = {Massey, F.~J.},
 journal = {Journal of the American Statistical Association},
 number = {253},
 pages = {68--78},
 publisher = {[American Statistical Association, Taylor & Francis, Ltd.]},
 title = {The {Kolmogorov-Smirnov} Test for Goodness of Fit},
 volume = {46},
 year = {1951}
}

@article{armenteros-podolanski,
	author = {Podolanski, J. and Armenteros, R.},
	title = "{III. Analysis of V-events}",
	journal = {The London, Edinburgh, and Dublin Philosophical Magazine and Journal of Science},
	volume = {45},
	number = {360},
	pages = {13-30},
	year  = {1954},
	publisher = {Taylor & Francis},
	doi = {10.1080/14786440108520416},
	URL = "https://doi.org/10.1080/14786440108520416",
	eprint = "https://doi.org/10.1080/14786440108520416"
}

@article{armenteros_calibration,
   title="{Calibration of the momentum scale of a particle physics detector using the Armenteros-Podolanski plot}",
   volume={16},
   ISSN={1748-0221},
   url={http://dx.doi.org/10.1088/1748-0221/16/06/P06036},
   DOI={10.1088/1748-0221/16/06/p06036},
   number={06},
   journal={Journal of Instrumentation},
   publisher={IOP Publishing},
   author="{P. Baladrón~Rodríguez et al.}",
   year={2021},
   month={Jun},
}

@article{mdm_g_value,
	doi = {10.1038/s41567-019-0494-8},
	url = {https://doi.org/10.1038%2Fs41567-019-0494-8},
	year = 2019,
	month = {May},
	publisher = {Springer Science and Business Media {LLC}},
	volume = {15},
	number = {7},
	pages = {631--634},
	title = {Polarization and entanglement in baryon{\textendash}antibaryon pair production in electron{\textendash}positron annihilation},
	journal = {Nature Physics},
	author = "{M. Ablikim et al. (BESIII Collaboration)}"
}